<record><leader>00000cas a22000007a 4500</leader><controlfield tag="001">20406539</controlfield><controlfield tag="008">890928d19uu1957coudn ne      0    0eng d</controlfield><datafield ind1=" " ind2=" " tag="010"><subfield code="a">sn 89052259 </subfield></datafield><datafield ind1=" " ind2=" " tag="040"><subfield code="a">CNQ</subfield><subfield code="b">eng</subfield><subfield code="c">CNQ</subfield><subfield code="d">CNK</subfield><subfield code="d">OCLCQ</subfield></datafield><datafield ind1=" " ind2=" " tag="042"><subfield code="a">msc</subfield></datafield><datafield ind1="0" ind2="0" tag="245"><subfield code="a">Longmont times-call.</subfield></datafield><datafield ind1=" " ind2=" " tag="260"><subfield code="a">Longmont, Colo. :</subfield><subfield code="b">Times-Call Pub. Co.</subfield></datafield><datafield ind1=" " ind2=" " tag="300"><subfield code="a">v.</subfield></datafield><datafield ind1=" " ind2=" " tag="310"><subfield code="a">Daily (except Sun.)</subfield></datafield><datafield ind1="0" ind2=" " tag="362"><subfield code="a">-v. 49, no. 306 (Apr. 30, 1942) ; 50th year, no. 1 (May 1, 1942)-63rd year, no. 168 (June 29, 1957).</subfield></datafield><datafield ind1=" " ind2=" " tag="530"><subfield code="a">Available on microfilm from the Colorado Historical Society.</subfield></datafield><datafield ind1=" " ind2=" " tag="588"><subfield code="a">Description based on: Vol. 37, no. 13 (June 4, 1931).</subfield></datafield><datafield ind1=" " ind2=" " tag="752"><subfield code="a">United States</subfield><subfield code="b">Colorado</subfield><subfield code="c">Boulder</subfield><subfield code="d">Longmont.</subfield></datafield><datafield ind1="0" ind2="4" tag="780"><subfield code="t">Daily times (Longmont, Colo.)</subfield><subfield code="w">(DLC)sn 89052241</subfield></datafield><datafield ind1="0" ind2="4" tag="780"><subfield code="t">Longmont call</subfield><subfield code="w">(DLC)sn 89052242</subfield></datafield><datafield ind1="0" ind2="0" tag="785"><subfield code="t">Longmont daily times-call</subfield><subfield code="w">(DLC)sn 89052260</subfield></datafield><datafield ind1="1" ind2=" " tag="029"><subfield code="a">AU@</subfield><subfield code="b">000025899955</subfield></datafield></record>